@article{martin2020statistical,
  title={Statistical mechanics of active ornstein uhlenbeck particles},
  author={Martin, David and O'Byrne, J{\'e}r{\'e}my and Cates, Michael E and Fodor, {\'E}tienne and Nardini, Cesare and Tailleur, Julien and van Wijland, Fr{\'e}d{\'e}ric},
  journal={arXiv preprint arXiv:2008.12972},
  year={2020},
  url={https://arxiv.org/abs/2008.12972}
}

@article{berthier2017active,
  title={How active forces influence nonequilibrium glass transitions},
  author={Berthier, Ludovic and Flenner, Elijah and Szamel, Grzegorz},
  journal={New Journal of Physics},
  volume={19},
  number={12},
  pages={125006},
  year={2017},
  publisher={IOP Publishing},
  doi={10.1088/1367-2630/aa914e}
}

@article{mandal2020extreme,
  title={Extreme active matter at high densities},
  author={Mandal, Rituparno and Bhuyan, Pranab Jyoti and Chaudhuri, Pinaki and Dasgupta, Chandan and Rao, Madan},
  journal={Nature communications},
  volume={11},
  number={1},
  pages={1--8},
  year={2020},
  publisher={Nature Publishing Group},
  doi={10.1038/s41467-020-16130-x}
}

@article{szamel2021long,
  title={Long-ranged velocity correlations in dense systems of self-propelled particles},
  author={Szamel, Grzegorz and Flenner, Elijah},
  journal={arXiv preprint arXiv:2101.11768},
  year={2021},
  url={http://arxiv.org/abs/2101.11768}
}

@article{henkes2020dense,
  title={Dense active matter model of motion patterns in confluent cell monolayers},
  author={Henkes, Silke and Kostanjevec, Kaja and Collinson, J Martin and Sknepnek, Rastko and Bertin, Eric},
  journal={Nature communications},
  volume={11},
  number={1},
  pages={1--9},
  year={2020},
  publisher={Nature Publishing Group},
  doi={10.1038/s41467-020-15164-5}
}

@article{caprini2020hidden,
  title={Hidden velocity ordering in dense suspensions of self-propelled disks},
  author={Caprini, Lorenzo and Marconi, Umberto Marini Bettolo and Maggi, Claudio and Paoluzzi, Matteo and Puglisi, Andrea},
  journal={Physical Review Research},
  volume={2},
  number={2},
  pages={023321},
  year={2020},
  publisher={APS},
  doi={10.1103/PhysRevResearch.2.023321}
}

@article{caprini2020active,
  title={Active matter at high density: Velocity distribution and kinetic temperature},
  author={Caprini, Lorenzo and Marini Bettolo Marconi, Umberto},
  journal={The Journal of Chemical Physics},
  volume={153},
  number={18},
  pages={184901},
  year={2020},
  publisher={AIP Publishing LLC},
  doi={10.1063/5.0029710}
}

@article{solon2015pressure,
  title={Pressure and phase equilibria in interacting active Brownian spheres},
  author={Solon, Alexandre P and Stenhammar, Joakim and Wittkowski, Raphael and Kardar, Mehran and Kafri, Yariv and Cates, Michael E and Tailleur, Julien},
  journal={Physical review letters},
  volume={114},
  number={19},
  pages={198301},
  year={2015},
  publisher={APS},
  doi={10.1103/PhysRevLett.114.198301}
}

@article{janssen2019active,
  title={Active glasses},
  author={Janssen, Liesbeth MC},
  journal={Journal of Physics: Condensed Matter},
  volume={31},
  number={50},
  pages={503002},
  year={2019},
  publisher={IOP Publishing},
  doi={10.1088/1361-648X/ab3e90}
}
