@article{mandal2020multiple,
  title={Multiple Types of Aging in Active Glasses},
  author={Mandal, Rituparno and Sollich, Peter},
  journal={Physical Review Letters},
  volume={125},
  number={21},
  pages={218001},
  year={2020},
  publisher={APS},
  doi={10.1103/PhysRevLett.125.218001}
}

@article{mandal2020study,
  title={How to Study a Persistent Active Glassy System?},
  author={Mandal, Rituparno and Sollich, Peter},
  journal={arXiv preprint arXiv:2012.01195},
  year={2020},
  url={https://arxiv.org/abs/2012.01195}
}

@article{mandal2020extreme,
  title={Extreme active matter at high densities},
  author={Mandal, Rituparno and Bhuyan, Pranab Jyoti and Chaudhuri, Pinaki and Dasgupta, Chandan and Rao, Madan},
  journal={Nature communications},
  volume={11},
  number={1},
  pages={1--8},
  year={2020},
  publisher={Nature Publishing Group},
  doi={10.1038/s41467-020-16130-x}
}

@article{hochbruck2010exponential,
  title={Exponential integrators.},
  author={Hochbruck, Marlis and Ostermann, Alexander},
  journal={Acta Numer.},
  volume={19},
  number={May},
  pages={209--286},
  year={2010},
  publisher={Citeseer},
  doi={10.1017/S0962492910000048}
}

@article{morse2020direct,
  title={A direct link between active matter and sheared granular systems},
  author={Morse, Peter K and Roy, Sudeshna and Agoritsas, Elisabeth and Stanifer, Ethan and Corwin, Eric I and Manning, M Lisa},
  journal={arXiv preprint arXiv:2009.07706},
  year={2020},
  url={http://arxiv.org/abs/2009.07706}
}

@article{bitzek2006structural,
  title={Structural relaxation made simple},
  author={Bitzek, Erik and Koskinen, Pekka and G{\"a}hler, Franz and Moseler, Michael and Gumbsch, Peter},
  journal={Physical review letters},
  volume={97},
  number={17},
  pages={170201},
  year={2006},
  publisher={APS},
  doi={10.1103/PhysRevLett.97.170201}
}

@article{guenole2020assessment,
  title={Assessment and optimization of the fast inertial relaxation engine (fire) for energy minimization in atomistic simulations and its implementation in lammps},
  author={Gu{\'e}nol{\'e}, Julien and N{\"o}hring, Wolfram G and Vaid, Aviral and Houll{\'e}, Fr{\'e}d{\'e}ric and Xie, Zhuocheng and Prakash, Aruna and Bitzek, Erik},
  journal={Computational Materials Science},
  volume={175},
  pages={109584},
  year={2020},
  publisher={Elsevier},
  doi={10.1016/j.commatsci.2020.109584}
}

